@online{muller2023,
	author = {Muller, Derek},
	title = {The Problem With Science Communication},
	year = {2023},
	url = {https://www.youtube.com/watch?v=czjisEGe5Cw},
	note = {YouTube video},
	urldate = {2023-11-01}
}

@inproceedings{shneiderman1996,
	author = {Shneiderman, Ben},
	title = {The eyes have it: A task by data type taxonomy for information visualizations},
	booktitle = {Proceedings of the IEEE Symposium on Visual Languages},
	year = {1996}
}

@article{boyd2007,
	author = {Boyd, Danah M. and Ellison, Nicole B.},
	title = {Social network sites: Definition, history, and scholarship},
	journal = {Journal of Computer‐Mediated Communication},
	volume = {13},
	number = {1},
	pages = {210--230},
	year = {2007}
}

@article{milgram1994,
	author = {Milgram, Paul and Kishino, Fumio},
	title = {A taxonomy of mixed reality visual displays},
	journal = {IEICE TRANSACTIONS on Information and Systems},
	volume = {77},
	number = {12},
	pages = {1321--1329},
	year = {1994}
}

@misc{kojima2019,
	author = {Kojima, Hideo},
	title = {Death Stranding},
	howpublished = {Sony Interactive Entertainment},
	year = {2019}
}

@book{durrenmatt1956,
	author = {Dürrenmatt, Friedrich},
	title = {A Dangerous Game (also known as "The Pledge")},
	publisher = {Alfred A. Knopf},
	year = {1956}
}

@movie{villeneuve2016,
	author = {Villeneuve, Denis},
	title = {Arrival},
	note = {Based on the story "Story of Your Life" by Ted Chiang},
	year = {2016}
}

@article{tandoc2018,
	author = {Tandoc Jr, Edson C. and Lim, Zheng Wei and Ling, Richard},
	title = {Defining “fake news”},
	journal = {Digital Journalism},
	volume = {6},
	number = {2},
	pages = {137--153},
	year = {2018}
}

@inproceedings{dabbish2012,
	author = {Dabbish, Laura and Stuart, Colleen and Tsay, Jason and Herbsleb, Jim},
	title = {Social coding in GitHub: transparency and collaboration in an open software repository},
	booktitle = {Proceedings of the ACM 2012 conference on Computer Supported Cooperative Work},
	year = {2012}
}

@book{sporns2011,
	author = {Sporns, Olaf},
	title = {Networks of the brain},
	publisher = {MIT Press},
	year = {2011}
}

@book{russell2010,
	author = {Russell, Stuart J. and Norvig, Peter},
	title = {Artificial intelligence: A modern approach},
	publisher = {Pearson Education Limited},
	year = {2010},
	address = {Malaysia}
}

@misc{camus1957,
	author = {Camus, Albert},
	title = {The Nobel Prize in Literature 1957},
	howpublished = {Online; accessed 1.Apr.2020},
	year = {1957},
	url = {https://www.nobelprize.org/prizes/literature/1957/camus/25232-albert-camus-banquet-speech-1957}
}

@article{bates2005,
	author = {Bates, Marcia J.},
	title = {Information and knowledge: An evolutionary framework for information science},
	journal = {Information Research},
	volume = {10},
	number = {4},
	year = {2005}
}
